@phdthesis{berander2005,
 author = {Berander, Patrik and Damm, Lars-Ola and Eriksson, Jeanette and Gorschek, Tony and Henningsson, Kennet and Jönsson, Per and Kågström, Simon and Milicic, Drazen and Mårtensson, Frans and Rönkkö, Kari and Tomaszewski, Piotr},
 title = {Software quality attributes and trade-offs}, 
 school = {Blekinge Institute of Technology}, 
 year = {2005}
} // Compêndio 

@book{beck2000,
  title={eXtreme Programming eXplained: Embrace Change},
  author={Beck, Kent and Andres, Cynthia},
  year={2000},
  publisher={Addison-Wesley Longman Publishing Co.}
}

@book{martin2008,
  title={Clean Code - A Handbook of Agile Software Craftsmanship},
  author={Martin, Robert C.},
  year={2008},
  publisher={Prentice Hall}
}

@inproceedings{schmidt2001,
  author = {Schmidt, Douglas C. and Porter, Adam},
  title = {Leveraging Open-Source Communities To Improve the Quality Performance of Open-Source Software},
  booktitle = {Paper presented at the First Workshop on Open-Source Software Engineering},
  year = {2001}
}

@inproceedings{halloran2002,
  author = {Halloran, T. J. and Scherlis, William L.},
  title = {High quality and open source software practices},
  booktitle = {Paper presented at the Second Workshop on Open-Source Software Engineering},
  year = {2002}
}

@inproceedings{michlmayr2003,
  author = {Michlmayr, Martin and Hill, Benjamin Mako},
  title = {Quality and the Reliance on Individuals in Free Software Projects},
  booktitle = {Paper presented at the Third Workshop on Open-Source Software Engineering},
  year = {2003} 
}

@book{beck2007,
  title={Implementation Pattens},
  author={Beck, Kent},
  year={2007},
  publisher={Addison-Wesley Longman Publishing Co.}
}

chidamber1994

@inproceedings{henry1984kafura,
  title={The evaluation of software systems' structure using quantitative software metrics},
  author={Henry, S and Kafura, D},
  booktitle={Software Practice and Experience},
  pages={561--573},
  year={1984}
}

@inproceedings{troy1981zweben,
  title={Measuring  the Quality of Structured Designs},
  author={Troy, D A and Zweben, S H},
  booktitle={J. Systems and Software},
  pages={113--120},
  year={1981}
}

@inproceedings{yau1985zweben,
  title={Design Stability Measures for Software Maintenance},
  author={Yau, S S and Collofello, J S},
  booktitle={IEEE Transactions Software Engineering},
  pages={849--856},
  year={1985},
  organization={IEEE}
}

@phdthesis{systa2000,
  author={T. Sÿsta},
  title={Static and Dynamic Reverse Engineering Techniques for Java Software Systems},
  school={University of Tampere},
  year={2000},
  address={Department of Computer and Information Science. Finland},
  month={Maio}
}

@inproceedings{rakic2011budimac,
  title={Problems in Systematic Application of Software Metrics and Possible Solution},
  author={Rakic, Gordana and Budimac, Zoran},
  booktitle={5th International Conference on Information Technology},
  year={2011},
  organization={ICIT}
}

@book{fenton1998,
  title={Software Metrics: A Rigorous and Practical Approach},
  author={Fenton, Norman E and Pfleeger, Shari Lawrence},
  year={1998},
  publisher={Course Technology}
}

//TCC
@masterthesis{almeida2010,
  author={Almeida, Lucianna Thomaz and Miranda, João Machini},
  title={Código Limpo e seu Mapeamento para Métricas de Código Fonte},
  school = {Instituto de Matemática e Estatística da Universidade de São Paulo},
  year   = {2010}
}

//Até aqui está certo os meus









@misc{germoglio2010fundamentos,
  title={Fundamentos da arquitetura de software},
  author={Germoglio, Guilherme},
  year={2010}
}

@book{buxton1970software,
  title={Software Engineering Techniques: Report on a Conference Sponsored by the NATO Science Committee},
  author={Buxton, John N and Randell, Brian},
  year={1970},
  publisher={NATO Science Committee; available from Scientific Affairs Division, NATO}
}

@phdthesis{fabricio2009instrumentation,
  author={Fabrício Ataides Braz},
  title={Instrumentação da Análise e Projeto de Software Seguro Baseada em Ameaças e Padrões},
  school={Universidade de Brasília},
  year={2009},
  address={Faculdade de Tecnologia},
  month={Abril}
}

@article{raymond1999cathedral,
  title={The Cathedral and the Bazaar: Musings on Linux and Open Source from an Accidental Revolutionary, Sebastapol},
  author={Raymond, Eric},
  journal={CA: O’Rei1ly BC Associates},
  year={1999}
}

@book{buschmann2007pattern,
  title={Pattern-oriented Software Architecture: On Patterns and Pattern Language},
  author={Buschmann, Frank and Henney, Kelvin and Schimdt, Douglas},
  volume={5},
  year={2007},
  publisher={John Wiley \& Sons}
}

@inproceedings{dias2000software,
  title={Software architecture analysis based on statechart semantics},
  author={Dias, Marcio S and Vieira, Marlon ER},
  booktitle={Software Specification and Design, 2000. Tenth International Workshop on},
  pages={133--137},
  year={2000},
  organization={IEEE}
}fabricio2009instrumentation

@book{clements2002documenting,
  title={Documenting software architectures: views and beyond},
  author={Clements, Paul and Garlan, David and Bass, Len and Stafford, Judith and Nord, Robert and Ivers, James and Little, Reed},
  year={2002},
  publisher={Pearson Education}
}

@article{xavier2001criaccao,
  title={Cria{\c{c}}{\~a}o e Instancia{\c{c}}{\~a}o de Arquiteturas de Software Espec{\'\i}ficas de Dom{\'\i}nio no contexto de uma Infra-estrutura de Reutiliza{\c{c}}{\~a}o},
  author={Xavier, Jos{\'e} Ricardo},
  journal={Sc., COPPE/UFRJ, Rio de Janeiro, Brasil, Junho},
  year={2001}
}

@inproceedings{gacek1995definition,
  title={On the definition of software system architecture},
  author={Gacek, Cristina and Abd-Allah, Ahmed and Clark, Bradford and Boehm, Barry},
  booktitle={Proceedings of the First International Workshop on Architectures for Software Systems},
  pages={85--94},
  year={1995},
  organization={Seattle, Wa}
}

@article{hilliard2000ieee,
  title={Ieee-std-1471-2000 recommended practice for architectural description of software-intensive systems},
  author={Hilliard, Rich},
  journal={IEEE, http://standards. ieee. org},
  year={2000}
}

@article{garlan1993introduction,
  title={An introduction to software architecture},
  author={Garlan, David and Shaw, Mary},
  journal={Advances in software engineering and knowledge engineering},
  volume={1},
  pages={1--40},
  year={1993},
  publisher={Singapore}
}

@article{shaw1996software,
  title={Software architecture: perspectives on an emerging discipline},
  author={Shaw, Mary and Garlan, David},
  year={1996},
  publisher={Prentice Hall}
}

@phdthesis{meirelles2010mezuro,
  author  = {Meirelles, Paulo and Morais, Carlos and Martins M., Rafael and Kon, Fabio and Santos Jr., Carlos and Maldonado, José},
  title   = {Mezuro: A Source Code Tracking Platform},
  school  = {FLOSS Competence Center – University of São Paulo},
  year    = {2010},
  address = {Instituto de Matemática e Estatística},
  month   = {Maio}
}

@article{meirelles2009crab,
  title={Crab: Uma ferramenta de configura{\c{c}}{\~a}o e interpreta{\c{c}}{\~a}o de m{\'e}tricas de software para avalia{\c{c}}{\~a}o de qualidade de c{\'o}digo},
  author={Meirelles, Paulo RM and C{\'o}be, Raphael and Hanazumi, Simone and Nunes, Paulo and Challco, Geiser and Martins, Straus and Morais, Eduardo and Kon, Fabio},
  journal={XXIII SBES-Simp{\'o}sio Brasileiro de Engenharia de Software (XVI Sess{\~a}o de Ferramentas). Citado na p{\'a}g},
  volume={33},
  year={2009}
}

@phdthesis{meirelles2013metrics,
 Author = {Paulo Roberto Miranda Meirelles},
 Title = {Monitoramento de métricas de código-fonte em projetos de software livre}, 
 School = {Instituto de Matemática e Estátistica -- Universidade de São Paulo (IME/USP)}, 
 Year = {2013}
 }

 @misc{noosfero2013plugins,
  author = {Aurélio A. Heckert},
  title  = {Plugins},
  month  = {Setembro},
  year   = {2013},
  url    = {http://noosfero.org/Development/Plugins}
}

@misc{qualipso2009,
  title = {Qualipso Project - O Projeto Qualipso},
  month = {Março},
  year  = {2009},
  url   = {http://qualipso.icmc.usp.br/}
}

@article{terceiro2012freesoftware,
  author  = {Antonio Soares de Azevedo Terceiro},
  title   = {Caraterização da Complexidade Estrutural em Sistemas de Software},
  school = {Universidade Federal da Bahia},
  year    = {2012}
}

@masterthesis{corbucci2011freemethods,
  author = {Hugo Corbucci},
  title  = {Métodos ágeis e software livre: um estudo da relação entre estas duas comunidades},
  school = {Instituto de Matemática e Estatística da Universidade de São Paulo},
  year   = {2011}
}

@inproceedings{godfrey2000evolution,
  title={Evolution in open source software: A case study},
  author={Godfrey, Michael W and Tu, Qiang},
  booktitle={Software Maintenance, 2000. Proceedings. International Conference on},
  pages={131--142},
  year={2000},
  organization={IEEE}
}

@inproceedings{mens2005challenges,
  title={Challenges in software evolution},
  author={Mens, Tom and Wermelinger, Michel and Ducasse, St{\'e}phane and Demeyer, Serge and Hirschfeld, Robert and Jazayeri, Mehdi},
  booktitle={Principles of Software Evolution, Eighth International Workshop on},
  pages={13--22},
  year={2005},
  organization={IEEE}
}

@incollection{fernandez2008empirical,
  title={Empirical studies of open source evolution},
  author={Fernandez-Ramil, Juan and Lozano, Angela and Wermelinger, Michel and Capiluppi, Andrea},
  booktitle={Software evolution},
  pages={263--288},
  year={2008},
  publisher={Springer}
}

@inproceedings{mockus2000case,
  title={A case study of open source software development: the Apache server},
  author={Mockus, Audris and Fielding, Roy T and Herbsleb, James},
  booktitle={Software Engineering, 2000. Proceedings of the 2000 International Conference on},
  pages={263--272},
  year={2000},
  organization={IEEE}
}

